 @article{OysterExperiment,
 author = {Schlichting, Dylan and Liu, Zhilong and Huguenard, Kimberly},
 title = {An Experimental Investigation of Hydrodynamics and Turbulence Characteristics of flow through Floating Oyster Cages},
 journal = {Environmental Fluid Mechanics.}
 }
 @article{Stormsurge,
 author = {Schlichting, Dylan and Huguenard, Kimberly and Spicer, Preston, and Rickard, Laura, and Roche, Abby},
 title = {Sensing Storm Surge: A {Maine} Citizen Science Effort..},
 journal = {Ocean \& Coastal Management.}
 }
 @article{TechnicalReport,
  author = {Schlichting, Dylan and Lieberthal, Brandon and Huguenard, Kimberly},
  title = {An Assessment Into Vegetation Farms as a Solution to Coastal Erosion in southern {Maine}..},
 }
 
  @article{CapstoneProposal,
  author = {Schlichting, Dylan and Daubert, Christopher and Dyer, Andrew and Earl-Johnson, Dylan and Zachau, Charlie},
  title = {{Maine Ocean School} Project Proposal},
  year = {2018},
  pagetotal = {58},
  note = {University of Maine Department of Civil and Environmental Engineering senior capstone project. 58 pp..}
 }
  @article{CapsReport,
  author = {Schlichting, Dylan and Daubert, Christopher and Dyer, Andrew and Earl-Johnson, Dylan and Zachau, Charlie},
  title = {{Maine Ocean School} Final Design Report},
  year = {2019},
  pagetotal = {58},
  note = {University of Maine Department of Civil and Environmental Engineering senior capstone project. 228 pp.. }
 }
@MISC{PECSPoster2018,
  author = {Schlichting, Dylan and Hetland, Robert},
  title = {Using Salinity Variance and Total Exchange Flow to Analyze Salinity Structure in an Unsteady Estuary},
  year = "2018",
  note = {Physics of Estuaries and Coastal Seas Conference, Galveston TX. October 14-18. Poster..}
}
@MISC{TAMUOral2018,
  author = {Schlichting, Dylan and Hetland, Robert},
  title = {Salinity Structure in {Copano Bay}},
  year = {2018},
  note = {Texas A$\&$M University Observing the Ocean REU Student Symposium, College Station, TX. August 2. Talk..}
}
@MISC{SEANET2018,
  author = {Schlichting, Dylan and Hetland, Robert},
  title = {Mechanisms controlling salinity structure structure in a broad, shallow, unsteady estuary},
  year = {2018},
  note = {Sustainable Ecological Aquaculture Network Undergraduate Research Symposium, Walpole ME. August 7. Poster..}
 }
@MISC{SEANET2017,
  author = {\textbf{Schlichting, Dylan} and Lieberthal, Brandon and Huguenard, Kimberly},
  title = {Vegetation Farms as a Solution to Coastal Erosion for {Saco, Maine}},
  year = {2017},
  note = {Sustainable Ecological Aquaculture Network Undergraduate Research Symposium, Walpole ME. August 16. Poster..}
 }
 @MISC{Northeast2019,
  author = {\textbf{Schlichting, Dylan} and Lieberthal, Brandon and Huguenard, Kimberly},
  title = {An Assessment Into Vegetation Farms as a Solution to Coastal Erosion in southern {Maine}},
  year = {2019},
  note = {Northeast Aquaculture Conference, Boston MA. January 9-11. Poster..}
 }

